<collection xmlns="http://www.loc.gov/MARC21/slim"><record><leader>00659nam  2200217   450</leader><controlfield tag="001">780</controlfield><controlfield tag="003">http://montalegre.opacnet.com/OPAC/default.aspx?ContentAreaControl=ShowRegHoldings.ascx&amp;RegNo=16662</controlfield><datafield tag="021" ind1=" " ind2=" "><subfield code="a">PT</subfield><subfield code="b">16897/87</subfield></datafield><datafield tag="095" ind1=" " ind2=" "><subfield code="a">PTBN00031544</subfield></datafield><datafield tag="100" ind1=" " ind2=" "><subfield code="a">20061013d1987    k  y0pora0103    ba</subfield></datafield><datafield tag="101" ind1="0" ind2=" "><subfield code="a">por</subfield></datafield><datafield tag="102" ind1=" " ind2=" "><subfield code="a">PT</subfield></datafield><datafield tag="200" ind1="1" ind2=" "><subfield code="a">&lt;O &gt;mundo em que vivi</subfield><subfield code="f">Ilse Losa</subfield></datafield><datafield tag="205" ind1=" " ind2=" "><subfield code="a">5ª ed</subfield><subfield code="b">refundida</subfield></datafield><datafield tag="210" ind1=" " ind2=" "><subfield code="a">Porto</subfield><subfield code="c">Afrontamento</subfield><subfield code="d">1987</subfield></datafield><datafield tag="215" ind1=" " ind2=" "><subfield code="a">196 p.</subfield><subfield code="c">il.</subfield><subfield code="d">21 cm</subfield></datafield><datafield tag="225" ind1="2" ind2=" "><subfield code="a">Ficções</subfield><subfield code="v">14</subfield></datafield><datafield tag="675" ind1=" " ind2=" "><subfield code="a">821.134.3</subfield></datafield><datafield tag="700" ind1=" " ind2="1"><subfield code="a">Losa</subfield><subfield code="b">Ilse</subfield><subfield code="f">1913-2006</subfield><subfield code="3">26530</subfield></datafield><datafield tag="801" ind1=" " ind2="0"><subfield code="a">PT</subfield><subfield code="b">Biblioteca Municipal de Montalegre</subfield><subfield code="g">RPC</subfield></datafield><datafield tag="856" ind1=" " ind2=" "><subfield code="u">locateMedia.asp?cod=20060621111338&amp;ext=jpg</subfield><subfield code="z">CAPA</subfield></datafield><datafield tag="909" ind1="&#9;" ind2=" "><subfield code="a">1</subfield></datafield><datafield tag="966" ind1=" " ind2=" "><subfield code="a">0009010</subfield><subfield code="l">BMM</subfield><subfield code="s">SCG 821.134.3 LOS mun 14</subfield></datafield></record></collection>